<record><leader>00000cas a2200000 a 4500</leader><controlfield tag="001">24835828</controlfield><controlfield tag="008">911121d18661869iluwr ne      0    0eng c</controlfield><datafield ind1=" " ind2=" " tag="010"><subfield code="a">sn 91055855 </subfield></datafield><datafield ind1=" " ind2=" " tag="040"><subfield code="a">NVF</subfield><subfield code="b">eng</subfield><subfield code="c">NVF</subfield><subfield code="d">NVF</subfield><subfield code="d">OCLCQ</subfield><subfield code="d">OCLCF</subfield><subfield code="d">OCLCO</subfield></datafield><datafield ind1="1" ind2=" " tag="029"><subfield code="a">AU@</subfield><subfield code="b">000020750695</subfield></datafield><datafield ind1=" " ind2=" " tag="042"><subfield code="a">pcc</subfield></datafield><datafield ind1=" " ind2=" " tag="043"><subfield code="a">n-us-il</subfield></datafield><datafield ind1="0" ind2=" " tag="130"><subfield code="a">Danville commercial (Danville, Ill. : 1866)</subfield></datafield><datafield ind1="1" ind2="4" tag="245"><subfield code="a">The Danville commercial.</subfield></datafield><datafield ind1="1" ind2="3" tag="246"><subfield code="a">Danville commercial and plaindealer</subfield><subfield code="f">Dec. 12, 1867-May 7, 1868</subfield></datafield><datafield ind1=" " ind2=" " tag="260"><subfield code="a">Danville, Ill. :</subfield><subfield code="b">Short &amp; Wright,</subfield><subfield code="c">1866-1869.</subfield></datafield><datafield ind1=" " ind2=" " tag="300"><subfield code="a">v.</subfield></datafield><datafield ind1=" " ind2=" " tag="310"><subfield code="a">Weekly</subfield></datafield><datafield ind1="0" ind2=" " tag="362"><subfield code="a">Vol. 1, no. 1 (Apr. 5, 1866)-v. 4, no. 19 (Aug. 5, 1869).</subfield></datafield><datafield ind1=" " ind2="0" tag="651"><subfield code="a">Danville (Ill.)</subfield><subfield code="v">Newspapers.</subfield></datafield><datafield ind1=" " ind2="7" tag="655"><subfield code="a">Newspapers.</subfield><subfield code="2">fast</subfield><subfield code="0">(OCoLC)fst01423814</subfield></datafield><datafield ind1=" " ind2="7" tag="651"><subfield code="a">Illinois</subfield><subfield code="z">Danville.</subfield><subfield code="2">fast</subfield><subfield code="0">(OCoLC)fst01217333</subfield></datafield><datafield ind1=" " ind2=" " tag="752"><subfield code="a">United States</subfield><subfield code="b">Illinois</subfield><subfield code="c">Vermilion</subfield><subfield code="d">Danville.</subfield></datafield><datafield ind1="0" ind2="5" tag="780"><subfield code="t">Danville plaindealer</subfield><subfield code="w">(DLC)sn 91055854</subfield><subfield code="w">(OCoLC)24835761</subfield></datafield><datafield ind1="0" ind2="0" tag="785"><subfield code="t">Danville weekly commercial</subfield><subfield code="w">(DLC)sn 85033564</subfield><subfield code="w">(OCoLC)12049286</subfield></datafield></record>